@article{gorodilova2018problems,
  title={Problems and solutions of the Fourth International Students' Olympiad in Cryptography NSUCRYPTO},
  author={Gorodilova, Anastasiya and Agievich, Sergey and Carlet, Claude and Gorkunov, Evgeny and Idrisova, Valeriya and Kolomeec, Nikolay and Kutsenko, Alexandr and Nikova, Svetla and Oblaukhov, Alexey and Picek, Stjepan and others},
  journal={arXiv preprint arXiv:1806.02059},
  year={2018}
}

@manual{sagemath,
	Key          = {SageMath},
	Author       = {{The Sage Developers}},
	Title        = {{S}ageMath, the {S}age {M}athematics {S}oftware {S}ystem ({V}ersion 8.2.0)},
	note         = {{\tt https://www.sagemath.org}},
	Year         = {2019},
}